@article{Othmane_2014,
 author = {ben Othmane, Lotfi and Angin, Pelin and Weffers, Harold and Bhargava, Bharat},
 title = {Extending the Agile Development Process to Develop Acceptably Secure Software},
 journal = {IEEE Transactions on Dependable and Secure Computing},
 publisher = {Institute of Electrical and Electronics Engineers (IEEE)},
 year = {2014},
 month = {nov},
 number = {6},
 volume = {11},
 pages = {497--509},
 url = {https://doi.org/10.1109%2Ftdsc.2014.2298011},
 doi = {10.1109/tdsc.2014.2298011}
}


