@online{site:A08_2022,
    author = {Sudip Sengupta},
    title = {A08:2022 - Software and Data Integrity Failures -  Explained},
    year = 2022,
    url = {https://crashtest-security.com/owasp-software-data-integrity-failures/},
    urldate = {June 2, 2022}
}

@book{book:se_sommervile_2021,
   title =     {Software Engineering},
   author =    {Sommerville , Ian},
   publisher = {Pearson},
   isbn =      {9780133943030,1292096136,9781292096131},
   year =      {2021},
   series =    {},
   edition =   {10},
   volume =    {},
   url =       {http://gen.lib.rus.ec/book/index.php?md5=EB8FF24BBA604674DD15D3E029CA6AB2}
}

@inproceedings {blindspot_2018,
author = {Daniela Seabra Oliveira and Tian Lin and Muhammad Sajidur Rahman and Rad Akefirad and Donovan Ellis and Eliany Perez and Rahul Bobhate and Lois A. DeLong and Justin Cappos and Yuriy Brun},
title = {{API} Blindspots: Why Experienced Developers Write Vulnerable Code},
booktitle = {Fourteenth Symposium on Usable Privacy and Security (SOUPS 2018)},
year = {2018},
isbn = {978-1-939133-10-6},
address = {Baltimore, MD},
pages = {315--328},
url = {https://www.usenix.org/conference/soups2018/presentation/oliveira},
publisher = {USENIX Association},
month = aug,
}

@inproceedings{yu2011teaching,
  title={Teaching secure software engineering: Writing secure code},
  author={Yu, Huiming and Jones, Nadia and Bullock, Gina and Yuan, Xiaohong Yuan},
  booktitle={2011 7th Central and Eastern European Software Engineering Conference (CEE-SECR)},
  pages={1--5},
  year={2011},
  organization={IEEE}
}

@incollection{hasselbring2018software,
  title={Software architecture: Past, present, future},
  author={Hasselbring, Wilhelm},
  booktitle={The Essence of Software Engineering},
  pages={169--184},
  year={2018},
  publisher={Springer, Cham}
}

@article{fowler2001agile,
  title={The agile manifesto},
  author={Fowler, Martin and Highsmith, Jim and others},
  journal={Software development},
  volume={9},
  number={8},
  pages={28--35},
  year={2001},
  publisher={[San Francisco, CA: Miller Freeman, Inc., 1993-}
}

@techreport{owasp_testing_guide,
    title = {OWASP Testing Guide v4.0},
    author = {Matteo Meucci and Andrew Mullur},
    institution = {Open Web Application Security Project},
    year=2014
}
    abstract

@techreport{owasp_masvs,
    title =  {OWASP Mobile Application Security Verification Standard v1.4.2},
    author = {Carlos Holguera, Bernhard Muller, Sven Schleier and Jeroen Willemsen},
    institution = {Open Web Application Security Project},
    year=2022,
    month=jan
}

@online{owasp_about,
    title = {About the OWASP Foundation},
    url = {https://owasp.org/about},
    urldate = {2022-04-02}
}

@online{skf_introduction,
    title = {SKF Introduction},
    url = {https://skf.readme.io/docs/introduction},
    urldate = {2022-08-22}
}

@online{owasp_top10_introduction,
    title = {OWASP Top 10 2021},
    url = {https://owasp.org/Top10/A00_2021_Introduction},
}

@online{owasp_top10_as_standard,
    title = {How to use the OWASP Top 10 as a standard},
    url = {https://owasp.org/Top10/A00_2021_How_to_use_the_OWASP_Top_10_as_a_standard},
}

@online{docker_what_container,
    title = {What is a Container?},
    url = {https://www.docker.com/resources/what-container/}
}

@online{tunggal_what_2021,
	title = {What is Operations Security ({OPSEC})?},
	url = {https://www.upguard.com/blog/opsec},
	titleaddon = {What is Operations Security ({OPSEC})?},
	author = {Tunggal, Abi Tyas},
	urldate = {2022-03-17},
	date = {2021-08-24},
}

@article{brown2019s,
  title={What's Cooking? A Content and Quality Analysis of Food Preparation Mobile Applications (P16-050-19)},
  author={Brown, Jacqueline and Siddiqi, Amina and Froome, Hannah and Arcand, JoAnne},
  journal={Current Developments in Nutrition},
  volume={3},
  number={Supplement\_1},
  pages={nzz050--P16},
  year={2019},
  publisher={Oxford University Press}
}

