@book{2021,
 title = {Socio-Technical Aspects in Security and Trust},
 publisher = {Springer International Publishing},
 year = {2021},
 url = {https://doi.org/10.1007%2F978-3-030-55958-8},
 doi = {10.1007/978-3-030-55958-8},
 editor = {Groß, Thomas and Tryfonas, Theo}
}

@inproceedings{Acar_2017,
 author = {Acar, Yasemin and Stransky, Christian and Wermke, Dominik and Weir, Charles and Mazurek, Michelle L. and Fahl, Sascha},
 title = {Developers Need Support, Too: A Survey of Security Advice for Software Developers},
 publisher = {IEEE},
 year = {2017},
 month = {sep},
 url = {https://doi.org/10.1109%2Fsecdev.2017.17},
 doi = {10.1109/secdev.2017.17},
 booktitle = {2017 IEEE Cybersecurity Development (SecDev)}
}

@book{andress2011the,
 author = {Andress, Jason},
 title = {The basics of information security : understanding the fundamentals of InfoSec in theory and practice},
 publisher = {Syngress},
 year = {2011},
 address = {Waltham, MA},
 isbn = {1597496537}
}

@book{andress2014the,
 author = {Andress, Jason},
 title = {The basics of information security : understanding the fundamentals of InfoSec in theory and practice},
 publisher = {Syngress},
 year = {2014},
 address = {Waltham, MA},
 isbn = {0128007443}
}

@inproceedings{Assal_2019,
 author = {Assal, Hala and Chiasson, Sonia},
 title = {$łess$i$\greater$′Think secure from the beginning′$łess$/i$\greater$},
 publisher = {ACM},
 year = {2019},
 month = {may},
 url = {https://doi.org/10.1145%2F3290605.3300519},
 doi = {10.1145/3290605.3300519},
 booktitle = {Proceedings of the 2019 CHI Conference on Human Factors in Computing Systems}
}

@inproceedings{Baca_2011,
 author = {Baca, Dejan and Carlsson, Bengt},
 title = {Agile development with security engineering activities},
 publisher = {ACM Press},
 year = {2011},
 url = {https://doi.org/10.1145%2F1987875.1987900},
 doi = {10.1145/1987875.1987900},
 booktitle = {Proceeding of the 2nd workshop on Software engineering for sensor network applications - SESENA ′11}
}

@book{bhattacharjee2018practical,
 author = {Bhattacharjee, Sravani},
 title = {Practical Industrial Internet of Things security : a practitioner's guide to securing connected industries},
 publisher = {Packt Publishing},
 year = {2018},
 address = {Birmingham, UK},
 isbn = {9781788832687}
}

@incollection{Bishop_2017,
 author = {Bishop, Matt and Dai, Jun and Dark, Melissa and Ngambeki, Ida and Nico, Phillip and Zhu, Minghua},
 title = {Evaluating Secure Programming Knowledge},
 publisher = {Springer International Publishing},
 year = {2017},
 pages = {51--62},
 url = {https://doi.org/10.1007%2F978-3-319-58553-6_5},
 doi = {10.1007/978-3-319-58553-6_5},
 booktitle = {Information Security Education for a Global Digital Society}
}

@inproceedings{Chandra_2014,
 author = {Chandra, Sourabh and Bhattacharyya, Siddhartha and Paira, Smita and Alam, Sk Safikul},
 title = {A study and analysis on symmetric cryptography},
 publisher = {IEEE},
 year = {2014},
 month = {nov},
 url = {https://doi.org/10.1109%2Ficsemr.2014.7043664},
 doi = {10.1109/icsemr.2014.7043664},
 booktitle = {2014 International Conference on Science Engineering and Management Research (ICSEMR)}
}

@inproceedings{Chen_2020,
 author = {Chen, Sen and Fan, Lingling and Meng, Guozhu and Su, Ting and Xue, Minhui and Xue, Yinxing and Liu, Yang and Xu, Lihua},
 title = {An empirical assessment of security risks of global Android banking apps},
 publisher = {ACM},
 year = {2020},
 month = {jun},
 url = {https://doi.org/10.1145%2F3377811.3380417},
 doi = {10.1145/3377811.3380417},
 booktitle = {Proceedings of the ACM/IEEE 42nd International Conference on Software Engineering}
}

@article{Combe_2016,
 author = {Combe, Theo and Martin, Antony and Pietro, Roberto Di},
 title = {To Docker or Not to Docker: A Security Perspective},
 journal = {IEEE Cloud Computing},
 publisher = {Institute of Electrical and Electronics Engineers (IEEE)},
 year = {2016},
 month = {sep},
 number = {5},
 volume = {3},
 pages = {54--62},
 url = {https://doi.org/10.1109%2Fmcc.2016.100},
 doi = {10.1109/mcc.2016.100}
}

@inproceedings{Daneva_2018,
 author = {Daneva, Maya and Wang, Chong},
 title = {Security Requirements Engineering in the Agile Era: How Does it Work in Practice?},
 publisher = {IEEE},
 year = {2018},
 month = {aug},
 url = {https://doi.org/10.1109%2Fquarap.2018.00008},
 doi = {10.1109/quarap.2018.00008},
 booktitle = {2018 IEEE 1st International Workshop on Quality Requirements in Agile Projects (QuaRAP)}
}

@book{death2017information,
 author = {Death, Darren},
 title = {Information security handbook : develop a threat model and incident response strategy to build a strong information security framework},
 publisher = {Packt Publishing},
 year = {2017},
 address = {Birmingham, UK},
 isbn = {9781788478830}
}

@book{dooley2018history,
 author = {Dooley, John},
 title = {History of cryptography and cryptanalysis : codes, ciphers, and their algorithms},
 publisher = {Springer},
 year = {2018},
 address = {Cham, Switzerland},
 isbn = {9783319904436}
}

@inproceedings{Espinha_Gasiba_2019,
 author = {Gasiba, Tiago Espinha and Lechner, Ulrike},
 title = {Raising Secure Coding Awareness for Software Developers in the Industry},
 publisher = {IEEE},
 year = {2019},
 month = {sep},
 url = {https://doi.org/10.1109%2Frew.2019.00030},
 doi = {10.1109/rew.2019.00030},
 booktitle = {2019 IEEE 27th International Requirements Engineering Conference Workshops (REW)}
}

@inproceedings{Espinha_Gasiba_2020,
 author = {Gasiba, Tiago Espinha and Lechner, Ulrike and Pinto-Albuquerque, Maria and Fernandez, Daniel Mendez},
 title = {Awareness of Secure Coding Guidelines in the Industry - A First Data Analysis},
 publisher = {IEEE},
 year = {2020},
 month = {dec},
 url = {https://doi.org/10.1109%2Ftrustcom50675.2020.00055},
 doi = {10.1109/trustcom50675.2020.00055},
 booktitle = {2020 IEEE 19th International Conference on Trust, Security and Privacy in Computing and Communications (TrustCom)}
}

@inproceedings{Espinha_Gasiba_2021,
 author = {Gasiba, Tiago Espinha and Lechner, Ulrike and Pinto-Albuquerque, Maria and Mendez, Daniel},
 title = {Is Secure Coding Education in the Industry Needed? An Investigation Through a Large Scale Survey},
 publisher = {IEEE},
 year = {2021},
 month = {may},
 url = {https://doi.org/10.1109%2Ficse-seet52601.2021.00034},
 doi = {10.1109/icse-seet52601.2021.00034},
 booktitle = {2021 IEEE/ACM 43rd International Conference on Software Engineering: Software Engineering Education and Training (ICSE-SEET)}
}

@incollection{Felderer_2016,
 author = {Felderer, Michael and Büchler, Matthias and Johns, Martin and Brucker, Achim D. and Breu, Ruth and Pretschner, Alexander},
 title = {Security Testing},
 publisher = {Elsevier},
 year = {2016},
 pages = {1--51},
 url = {https://doi.org/10.1016%2Fbs.adcom.2015.11.003},
 doi = {10.1016/bs.adcom.2015.11.003},
 booktitle = {Advances in Computers}
}

@inproceedings{Glinz_2007,
 author = {Glinz, M.},
 title = {On Non-Functional Requirements},
 publisher = {IEEE},
 year = {2007},
 month = {oct},
 url = {https://doi.org/10.1109%2Fre.2007.45},
 doi = {10.1109/re.2007.45},
 booktitle = {15th IEEE International Requirements Engineering Conference (RE 2007)}
}

@article{Green_2016,
 author = {Green, Matthew and Smith, Matthew},
 title = {Developers are Not the Enemy!: The Need for Usable Security APIs},
 journal = {IEEE Security &amp$\mathsemicolon$ Privacy},
 publisher = {Institute of Electrical and Electronics Engineers (IEEE)},
 year = {2016},
 month = {sep},
 number = {5},
 volume = {14},
 pages = {40--46},
 url = {https://doi.org/10.1109%2Fmsp.2016.111},
 doi = {10.1109/msp.2016.111}
}

@article{Hammouchi_2019,
 author = {Hammouchi, Hicham and Cherqi, Othmane and Mezzour, Ghita and Ghogho, Mounir and Koutbi, Mohammed El},
 title = {Digging Deeper into Data Breaches: An Exploratory Data Analysis of Hacking Breaches Over Time},
 journal = {Procedia Computer Science},
 publisher = {Elsevier BV},
 year = {2019},
 volume = {151},
 pages = {1004--1009},
 url = {https://doi.org/10.1016%2Fj.procs.2019.04.141},
 doi = {10.1016/j.procs.2019.04.141}
}

@book{helfrich2019security,
 author = {Helfrich, James},
 title = {Security for software engineers},
 publisher = {CRC Press},
 year = {2019},
 address = {Boca Raton},
 isbn = {9781138583825}
}

@book{helfrich2019securitya,
 author = {Helfrich, James},
 title = {Security for software engineers},
 publisher = {CRC Press},
 year = {2019},
 address = {Boca Raton},
 isbn = {9781138583825}
}

@article{Hoda_2017,
 author = {Hoda, Rashina and Salleh, Norsaremah and Grundy, John and Tee, Hui Mien},
 title = {Systematic literature reviews in agile software development: A tertiary study},
 journal = {Information and Software Technology},
 publisher = {Elsevier BV},
 year = {2017},
 month = {may},
 volume = {85},
 pages = {60--70},
 url = {https://doi.org/10.1016%2Fj.infsof.2017.01.007},
 doi = {10.1016/j.infsof.2017.01.007}
}

@book{katz2010digital,
 author = {Katz, Jonathan},
 title = {Digital signatures},
 publisher = {Springer},
 year = {2010},
 address = {New York},
 isbn = {0387277110}
}

@article{Kneuper_2017,
 author = {Kneuper, Ralf},
 title = {Sixty Years of Software Development Life Cycle Models},
 journal = {IEEE Annals of the History of Computing},
 publisher = {Institute of Electrical and Electronics Engineers (IEEE)},
 year = {2017},
 number = {3},
 volume = {39},
 pages = {41--54},
 url = {https://doi.org/10.1109%2Fmahc.2017.3481346},
 doi = {10.1109/mahc.2017.3481346}
}

@article{Lallie_2021,
 author = {Lallie, Harjinder Singh and Shepherd, Lynsay A. and Nurse, Jason R. C. and Erola, Arnau and Epiphaniou, Gregory and Maple, Carsten and Bellekens, Xavier},
 title = {Cyber security in the age of COVID-19: A timeline and analysis of cyber-crime and cyber-attacks during the pandemic},
 journal = {Computers &amp$\mathsemicolon$ Security},
 publisher = {Elsevier BV},
 year = {2021},
 month = {jun},
 volume = {105},
 pages = {102248},
 url = {https://doi.org/10.1016%2Fj.cose.2021.102248},
 doi = {10.1016/j.cose.2021.102248}
}

@book{langer2012guide,
 author = {Langer, Arthur},
 title = {Guide to software development : designing and managing the life cycle},
 publisher = {Springer},
 year = {2012},
 address = {London New York},
 isbn = {9781447167990}
}

@article{Li_2021,
 author = {Li, Yuchong and Liu, Qinghui},
 title = {A comprehensive review study of cyber-attacks and cyber security$\mathsemicolon$ Emerging trends and recent developments},
 journal = {Energy Reports},
 publisher = {Elsevier BV},
 year = {2021},
 month = {nov},
 volume = {7},
 pages = {8176--8186},
 url = {https://doi.org/10.1016%2Fj.egyr.2021.08.126},
 doi = {10.1016/j.egyr.2021.08.126}
}

@inproceedings{Lopez_2019,
 author = {Lopez, Tamara and Sharp, Helen and Tun, Thein and Bandara, Arosha and Levine, Mark and Nuseibeh, Bashar},
 title = {"Hopefully We Are Mostly Secure": Views on Secure Code in Professional Practice},
 publisher = {{IEEE}},
 year = {2019},
 month = {may},
 url = {https://doi.org/10.1109%2Fchase.2019.00023},
 doi = {10.1109/chase.2019.00023},
 booktitle = {2019 {IEEE}/{ACM} 12th International Workshop on Cooperative and Human Aspects of Software Engineering ({CHASE})}
}

@book{matthias2015docker,
 author = {Matthias, Karl},
 title = {Docker : up and running},
 publisher = {O'Reilly},
 year = {2015},
 address = {Sebastopol, CA},
 isbn = {9781491917572}
}

@inproceedings{Matthies_2019,
 author = {Matthies, Christoph and Huegle, Johannes and Durschmid, Tobias and Teusner, Ralf},
 title = {Attitudes, Beliefs, and Development Data Concerning Agile Software Development Practices},
 publisher = {IEEE},
 year = {2019},
 month = {may},
 url = {https://doi.org/10.1109%2Ficse-seet.2019.00025},
 doi = {10.1109/icse-seet.2019.00025},
 booktitle = {2019 IEEE/ACM 41st International Conference on Software Engineering: Software Engineering Education and Training (ICSE-SEET)}
}

@article{OWASP_ASVS,
 author = {Andrew van der Stock, Daniel Cuthbert, Jim Manico, Josh C Grossman, Elar Lang},
 title = {OWASP Application Security Verification Standard 4.0.3},
 year = {2013},
 pages = {71},
 abstract = {}
}

@article{Potter_2004,
 author = {Potter, B. and McGraw, G.},
 title = {Software security testing},
 journal = {IEEE Security &amp$\mathsemicolon$ Privacy Magazine},
 publisher = {Institute of Electrical and Electronics Engineers (IEEE)},
 year = {2004},
 month = {sep},
 number = {5},
 volume = {2},
 pages = {81--85},
 url = {https://doi.org/10.1109%2Fmsp.2004.84},
 doi = {10.1109/msp.2004.84}
}

@inproceedings{Ramirez_Mora_2017,
 author = {Ramirez-Mora, Sandra L. and Oktaba, Hanna},
 title = {Productivity in Agile Software Development: A Systematic Mapping Study},
 publisher = {IEEE},
 year = {2017},
 month = {oct},
 url = {https://doi.org/10.1109%2Fconisoft.2017.00013},
 doi = {10.1109/conisoft.2017.00013},
 booktitle = {2017 5th International Conference in Software Engineering Research and Innovation (CONISOFT)}
}

@inproceedings{Rindell_2018,
 author = {Rindell, Kalle and Hyrynsalmi, Sami and Leppänen, Ville},
 title = {Aligning security objectives with agile software development},
 publisher = {ACM},
 year = {2018},
 month = {may},
 url = {https://doi.org/10.1145%2F3234152.3234187},
 doi = {10.1145/3234152.3234187},
 booktitle = {Proceedings of the 19th International Conference on Agile Software Development: Companion}
}

@article{S_2017,
 author = {S, Shylesh},
 title = {A Study of Software Development Life Cycle Process Models},
 journal = {SSRN Electronic Journal},
 publisher = {Elsevier BV},
 year = {2017},
 url = {https://doi.org/10.2139%2Fssrn.2988291},
 doi = {10.2139/ssrn.2988291}
}

@inproceedings{Sabillon_2016,
 author = {Sabillon, Regner and Cavaller, Victor and Cano, Jeimy and Serra-Ruiz, Jordi},
 title = {Cybercriminals, cyberattacks and cybercrime},
 publisher = {IEEE},
 year = {2016},
 month = {jun},
 url = {https://doi.org/10.1109%2Ficccf.2016.7740434},
 doi = {10.1109/icccf.2016.7740434},
 booktitle = {2016 IEEE International Conference on Cybercrime and Computer Forensic (ICCCF)}
}

@article{Shah_2016,
 author = {Shah, Unnati S. and Jinwala, Devesh C. and Patel, Sankita J.},
 title = {An Excursion to Software Development Life Cycle Models},
 journal = {ACM SIGSOFT Software Engineering Notes},
 publisher = {Association for Computing Machinery (ACM)},
 year = {2016},
 month = {feb},
 number = {1},
 volume = {41},
 pages = {1--6},
 url = {https://doi.org/10.1145%2F2853073.2853080},
 doi = {10.1145/2853073.2853080}
}

@article{Silic_2019,
 author = {Silic, Mario and Lowry, Paul Benjamin},
 title = {Breaking Bad in Cyberspace: Understanding why and how Black Hat Hackers Manage their Nerves to Commit their Virtual Crimes},
 journal = {Information Systems Frontiers},
 publisher = {Springer Science and Business Media LLC},
 year = {2019},
 month = {sep},
 number = {2},
 volume = {23},
 pages = {329--341},
 url = {https://doi.org/10.1007%2Fs10796-019-09949-3},
 doi = {10.1007/s10796-019-09949-3}
}

@book{srinivasan2016cissp,
 author = {Srinivasan, M. L.},
 title = {CISSP in 21 days : boost your confidence and get the competitive edge you need to crack the exam in just 21 days},
 publisher = {Packt Publishing},
 year = {2016},
 address = {Birmingham, UK},
 isbn = {9781785884498}
}

@inproceedings{Tabassum_2018,
 author = {Tabassum, Madiha and Watson, Stacey and Chu, Bill and Lipford, Heather Richter},
 title = {Evaluating Two Methods for Integrating Secure Programming Education},
 publisher = {ACM},
 year = {2018},
 month = {feb},
 url = {https://doi.org/10.1145%2F3159450.3159511},
 doi = {10.1145/3159450.3159511},
 booktitle = {Proceedings of the 49th ACM Technical Symposium on Computer Science Education}
}

@inproceedings{Thomas_2018,
 author = {Thomas, Tyler W. and Tabassum, Madiha and Chu, Bill and Lipford, Heather},
 title = {Security During Application Development},
 publisher = {ACM},
 year = {2018},
 month = {apr},
 url = {https://doi.org/10.1145%2F3173574.3173836},
 doi = {10.1145/3173574.3173836},
 booktitle = {Proceedings of the 2018 CHI Conference on Human Factors in Computing Systems}
}

@article{von_Solms_2013,
 author = {Solms, Rossouw von and van Niekerk, Johan},
 title = {From information security to cyber security},
 journal = {Computers & Security},
 publisher = {Elsevier BV},
 year = {2013},
 month = {oct},
 volume = {38},
 pages = {97--102},
 url = {https://doi.org/10.1016%2Fj.cose.2013.04.004},
 doi = {10.1016/j.cose.2013.04.004}
}

@inproceedings{Weir_2021,
 author = {Weir, Charles and Migues, Sammy and Ware, Mike and Williams, Laurie},
 title = {Infiltrating security into development: exploring the world's largest software security study},
 publisher = {ACM},
 year = {2021},
 month = {aug},
 url = {https://doi.org/10.1145%2F3468264.3473926},
 doi = {10.1145/3468264.3473926},
 booktitle = {Proceedings of the 29th ACM Joint Meeting on European Software Engineering Conference and Symposium on the Foundations of Software Engineering}
}

@book{zinatullin2016the,
 author = {Zinatullin, Leron},
 title = {The psychology of information security : resolving conflicts between security compliance and human behaviour},
 publisher = {IT Governance Publishing},
 year = {2016},
 address = {Ely, Cambridgeshire},
 isbn = {1849287899}
}


